<?xml version="1.0" encoding="UTF-8"?><record xmlns="info:lc/xmlns/marcxchange-v1" xsi:schemaLocation="http://www.loc.gov/standards/iso25577/marcxchange-1-1.xsd" xmlns:xsi="http://www.w3.org/2001/XMLSchema-instance">
    <leader>00000n    2200000   4500</leader>
    <datafield tag="001" ind1="0" ind2="0">
        <subfield code="a">54329938</subfield>
        <subfield code="b">191919</subfield>
        <subfield code="c">20181205182738</subfield>
        <subfield code="d">20180711</subfield>
        <subfield code="f">a</subfield>
    </datafield>
    <datafield tag="004" ind1="0" ind2="0">
        <subfield code="r">n</subfield>
        <subfield code="a">e</subfield>
    </datafield>
    <datafield tag="008" ind1="0" ind2="0">
        <subfield code="t">m</subfield>
        <subfield code="v">0</subfield>
        <subfield code="u">f</subfield>
        <subfield code="a">2018</subfield>
        <subfield code="b">dk</subfield>
        <subfield code="d">x</subfield>
        <subfield code="j">j</subfield>
        <subfield code="l">dan</subfield>
        <subfield code="n">b</subfield>
        <subfield code="w">1</subfield>
    </datafield>
    <datafield tag="009" ind1="0" ind2="0">
        <subfield code="a">a</subfield>
        <subfield code="g">xe</subfield>
    </datafield>
    <datafield tag="021" ind1="0" ind2="0">
        <subfield code="e">9788793726031</subfield>
    </datafield>
    <datafield tag="032" ind1="0" ind2="0">
        <subfield code="a">DBF201831</subfield>
        <subfield code="x">ACC201828</subfield>
    </datafield>
    <datafield tag="041" ind1="0" ind2="0">
        <subfield code="a">dan</subfield>
        <subfield code="c">swe</subfield>
    </datafield>
    <datafield tag="100" ind1="0" ind2="0">
        <subfield code="a">Nin</subfield>
        <subfield code="h">Emma</subfield>
        <subfield code="4">aut</subfield>
    </datafield>
    <datafield tag="241" ind1="0" ind2="0">
        <subfield code="a">Cabaret</subfield>
        <subfield code="r">svensk</subfield>
    </datafield>
    <datafield tag="245" ind1="0" ind2="0">
        <subfield code="a">Cabaret</subfield>
        <subfield code="c">erotisk novelle</subfield>
    </datafield>
    <datafield tag="250" ind1="0" ind2="0">
        <subfield code="a">1. e-bogsudgave</subfield>
        <subfield code="b">÷</subfield>
    </datafield>
    <datafield tag="260" ind1="0" ind2="0">
        <subfield code="b">Hoi</subfield>
        <subfield code="g">[sælges på internettet]</subfield>
        <subfield code="c">2018</subfield>
    </datafield>
    <datafield tag="440" ind1="0" ind2="0">
        <subfield code="0"/>
        <subfield code="a">Pom pom parlour</subfield>
    </datafield>
    <datafield tag="512" ind1="0" ind2="0">
        <subfield code="a">Downloades i EPUB-format</subfield>
    </datafield>
    <datafield tag="652" ind1="0" ind2="0">
        <subfield code="n">87</subfield>
        <subfield code="z">26</subfield>
    </datafield>
    <datafield tag="652" ind1="0" ind2="0">
        <subfield code="o">sk</subfield>
    </datafield>
    <datafield tag="720" ind1="0" ind2="0">
        <subfield code="o">Marie Louise Dyrby</subfield>
        <subfield code="4">trl</subfield>
    </datafield>
    <datafield tag="996" ind1="0" ind2="0">
        <subfield code="a">DBC</subfield>
    </datafield>
    <datafield tag="d08" ind1="0" ind2="0">
        <subfield code="f">ls</subfield>
        <subfield code="o">ls</subfield>
    </datafield>
    <datafield tag="d70" ind1="0" ind2="0">
        <subfield code="b">Publizon</subfield>
    </datafield>
    <datafield tag="f21" ind1="0" ind2="0">
        <subfield code="a">http://samples.pubhub.dk/9788793726031.epub</subfield>
        <subfield code="l">Publizon</subfield>
        <subfield code="f">https://images.pubhub.dk/originals/b04c745f-c6f3-425f-9168-27197a91834a.jpg</subfield>
        <subfield code="a">http://dmat.dbc.dk/eVALU/get.php?isbn=9788793726031</subfield>
        <subfield code="n">9788793726031</subfield>
    </datafield>
    <datafield tag="s12" ind1="0" ind2="0">
        <subfield code="t">TeamBAM201829</subfield>
    </datafield>
    <datafield tag="z98" ind1="0" ind2="0">
        <subfield code="a">Minus korrekturprint</subfield>
    </datafield>
    <datafield tag="z99" ind1="0" ind2="0">
        <subfield code="a">ls</subfield>
    </datafield>
</record>
